@article{Balasubramani22JPhysChemB126p5413,
author = {Balasubramani, Sree Ganesh and Schwartz, Steven D.},
title = {Transition Path Sampling Based Calculations of Free Energies for Enzymatic Reactions: The Case of Human Methionine Adenosyl Transferase and Plasmodium vivax Adenosine Deaminase},
journal = {J. Phys. Chem. B},
volume = {126},
number = {29},
pages = {5413-5420},
year = {2022},
doi = {10.1021/acs.jpcb.2c03251}
}

@article{Bolhuis02AnnRevPhysChem53p291,
author = {Bolhuis, Peter G. and Chandler, David and Dellago, Christoph and Geissler, Phillip L.},
title = {Transition Path Sampling: Throwing Ropes Over Rough Mountain Passes, in the Dark},
journal = {Annu. Rev. Phys. Chem.},
volume = {53},
number = {1},
pages = {291-318},
year = {2002},
doi = {10.1146/annurev.physchem.53.082301.113146}
}

@article{dellago02AdvChemPhys123,
  title={Transition path sampling},
  author={Dellago, Christoph and Bolhuis, Peter and Geissler, Phillip L},
  journal={Adv. Chem. Phys.},
  volume={123},
  number={1},
  year={2002}
}