@article{Brotzakis19JChemPhys151p174111,
author = {Brotzakis,Z. Faidon  and Bolhuis,Peter G. },
title = {Approximating free energy and committor landscapes in standard transition path sampling using virtual interface exchange},
journal = {J. Chem. Phys.},
volume = {151},
number = {17},
pages = {174111},
year = {2019},
doi = {10.1063/1.5119252}
}

@article {Frenkel17571,
	author = {Frenkel, Daan},
	title = {Speed-up of Monte Carlo simulations by sampling of rejected states},
	volume = {101},
	number = {51},
	pages = {17571--17575},
	year = {2004},
	doi = {10.1073/pnas.0407950101},
	journal = {Proc. Nat. Acad. Sci.}
}
